<?xml version="1.0" encoding="UTF-8"?><collection xmlns="http://www.loc.gov/MARC21/slim"><record><leader>00320nam--2200109-i-4500</leader><controlfield tag="001">000025635</controlfield><controlfield tag="002">20161230</controlfield><controlfield tag="005">20161230201036</controlfield><controlfield tag="008">060222s1000------------r-----000-0-eng-d</controlfield><datafield ind1=" " ind2=" " tag="245"><subfield code="a">First international congress on metallic corrosion. london, 10-15 april, 1961</subfield></datafield><datafield ind1=" " ind2=" " tag="260"><subfield code="a">London, Butterworths, 1962, Xvi + 712p</subfield></datafield><datafield ind1=" " ind2=" " tag="852"><subfield code="a">17900</subfield></datafield></record></collection>